@misc{nasa2014srtm1sdem,
  author={{NASA LP DAAC}},
  title={SRTM 1 Arc-Second Global},
  year={2000},
  address={NASA EOSDIS Land Processes DAAC, USGS Earth Resources Observation and Science (EROS) Center, Sioux Falls, South Dakota},
  howpublished={\url{https://earthexplorer.usgs.gov/}},
  note={published September 2014, accessed May 2016}
}


@article{bishop1995drainage,
  title={Drainage rearrangement by river capture, beheading and diversion},
  author={Bishop, Paul},
  journal={Progress in physical geography},
  volume={19},
  number={4},
  pages={449--473},
  year={1995},
  publisher={Sage Publications Sage CA: Thousand Oaks, CA}
}


@article{sun2007fast,
  title={Fast and effective feature-preserving mesh denoising},
  author={Sun, Xianfang and Rosin, Paul and Martin, Ralph and Langbein, Frank},
  journal={IEEE Transactions on Visualization \& Computer Graphics},
  number={5},
  pages={925--938},
  year={2007},
  publisher={IEEE}
}

@article{Hubbell2005,
title={Datos de parcelas del censo forestal de Barro Colorado},
author={Hubbell, SP, Condit, R. y Foster},
publisher={Instituto Smithsonian de Investigaciones Tropicales},
year={2005}
}



@article{marinanalisis,
  title={An{\'a}lisis filogen{\'e}tico de la familia Malvaceae},
  author={Mar{\'\i}n, Julio Z{\'u}{\~n}iga and Hilario, Robin Fern{\'a}ndez and Andino, Olvin Oyuela}
}


@incollection{bayer2003malvaceae,
  title={Malvaceae},
  author={Bayer, Clemens y Kubitzki, K},
  booktitle={Plantas con flores {\ textperiodcentered} dicotiledóneas},
  páginas={225--311},
  year={2003},
  editor={Springer}
}


@article{de2007especies,
  title={Las especies del g{\'e}nero Abutilon Mill.(Malvaceae) cultivadas en Espa{\~n}a},
  author={de Lorenzo-C{\'a}ceres, Jos{\'e} Manuel S{\'a}nchez},
  journal={PARJAP: Bolet{\'\i}n de la Asociaci{\'o}n Espa{\~n}ola de Parques y Jardines},
  number={45},
  pages={45--49},
  year={2007},
  publisher={Asociaci{\'o}n Espa{\~n}ola de Parques y Jardines P{\'u}blicos}
}


@article{ortizclaves,
  title={Claves para los taxones y cultones del g{\'e}nero Hibiscus L.(Malvaceae) cultivados y comercializados en la Comunidad Valenciana (E Espa{\~n}a)},
  author={ORTIZ, D GUILLOT},
  year={2010}
}


@book{gonzalez2006ecologia,
  title={Ecolog{\'\i}a: M{\'e}todos de muestreo y an{\'a}lisis de poblaciones y comunidades},
  author={Gonz{\'a}lez, Alberto Ram{\'\i}rez},
  year={2006},
  publisher={Pontificia Universidad Javeriana}
}


@article{perez2005metodologia,
  title={Metodologia empleada en los censos de la parcela de 50 hectareas de la Isla de Barro Colorado, Panam{\'a}},
  author={P{\'e}rez, Rolando and Aguilar, Salom{\'o}n and Condit, Richard and Foster, Robin and Hubbell, Stephen and Lao, Suzanne},
  journal={Centro de Ciencias Forestales del Tropico (CTFS) y Instituto Smithsonian de Investigaciones Tropicales (STRI)},
  pages={1--24},
  year={2005}
}


@article{sugastimedicion,
  title={Medici{\'o}n contin{\'u}a de flujo de CO2 ensuelo en una parcela de bosque tropical en Isla Barro Colorado, Canal de Panam{\'a}.},
  author={Sugasti, Lourdes and Eng, B and Pinz{\'o}n, Reinhardt},
year={2018}
}

@article {harms2001habitat,
  title = {Asociaciones de hábitat de árboles y arbustos en una parcela de bosque neotropical de 50 ha},
  author = {Harms, Kyle E y Condit, Richard y Hubbell, Stephen P y Foster, Robin B},
  journal = {Journal of Ecology},
  volumen = {89},
  número = {6},
  páginas = {947--959},
  year = {2001},
  publisher = {Wiley Online Library}
}

@article {condit1996species,
  title = {Relaciones especie-área y especie-individuo para árboles tropicales: una comparación de tres parcelas de 50 ha},
  author = {Condit, Richard y Hubbell, Stephen P y Lafrankie, James V y Sukumar, Raman y Manokaran, N y Foster, Robin B y Ashton, Peter S},
  journal = {Journal of Ecology},
  páginas = {549--562},
  year = {1996},
  editor = {JSTOR}
}

@article{webcenso,
  author = {Stephen Hubbell	and Richard Condit and	Robin Foster},
  title = {Parcela del censo forestal en la isla de Barro Colorado},
  year = {2021},
  bibsource = {http://ctfs.si.edu/webatlas/datasets/bci/}
}

@Manual{R,
 title = {R: A Language and Environment for statistical Computing},
 author = {{R Core Team}},
 organization = {R Foudation for statistical Computing},
 adress = {vienna, Australia},
 year = {2019},
 url = {https://www.R-project.org/}
 }
 
 
@software{jose_ramon_martinez_batlle_2020_4402362,
 author = {José Ramón Martínez Batlle},
 title = {{Biogeografia-master/scripts-de-analisis-BCI;coding sessions}},
 month = dec,
 year = 2020, 
 publisher = {zenodo},
 version = {v0.0.9000},
 doi = {10.5281/zenodo.4402362},
 url = {https://doi.org/10.5281/zenodo.4402362}
}
 
 
 
 
 
 